@inproceedings{cook1971complexity,
  title = {The complexity of theorem-proving procedures},
  author={Cook, Stephen A},
  booktitle={Proceedings of the third annual ACM symposium on Theory of computing},
  pages={151--158},
  year={1971}
}

@article{hopcroft2001introduction,
  title={Introduction to automata theory, languages, and computation},
  author={Hopcroft, John E and Motwani, Rajeev and Ullman, Jeffrey D},
  journal={Acm Sigact News},
  volume={32},
  number={1},
  pages={60--65},
  year={2001},
  publisher={ACM New York, NY, USA}
}